<collection xmlns="http://www.loc.gov/MARC21/slim">
<record>
  <leader>01319nam0a22002651i 450 </leader>
  <controlfield tag="001">IT\ICCU\CNCE\076671</controlfield>
  <controlfield tag="005">20111004000000.0</controlfield>
  <datafield tag="012" ind1=" " ind2=" ">
    <subfield code="a">s.o. udus los, remo (S) 1588 (Q)</subfield>
    <subfield code="2">fei</subfield>
  </datafield>
  <datafield tag="100" ind1=" " ind2=" ">
    <subfield code="a">20110930f1588        0itac0103    ba</subfield>
  </datafield>
  <datafield tag="101" ind1=" " ind2=" ">
    <subfield code="a">LAT</subfield>
  </datafield>
  <datafield tag="102" ind1=" " ind2=" ">
    <subfield code="a">IT</subfield>
  </datafield>
  <datafield tag="200" ind1="1" ind2=" ">
    <subfield code="a">Sanctissimi d.n.d. Sixti diuina prouidentia papae Quinti constitutio super forma admissionis recipiendorum in congregationem s. Benedicti Ordinis Montis Oliueti, ac aetate &amp; alijs eorundem</subfield>
  </datafield>
  <datafield tag="210" ind1=" " ind2=" ">
    <subfield code="d">\1588 ?!</subfield>
  </datafield>
  <datafield tag="215" ind1=" " ind2=" ">
    <subfield code="a">1 manifesto</subfield>
    <subfield code="d">atl</subfield>
  </datafield>
  <datafield tag="300" ind1=" " ind2=" ">
    <subfield code="a">ANNULLATA:  ̈la 48740La data si ricava dal datum in calce. -  Sottoscritto in calce da: Tho. Thomasius Gualterutius. -  Rom. ; cors. -  Iniziale xilogr. -  Stemma xilogr. di Sisto V dopo il tit</subfield>
  </datafield>
  <datafield tag="710" ind1="0" ind2="2">
    <subfield code="a">Olivetani</subfield>
    <subfield code="3">7095</subfield>
  </datafield>
  <datafield tag="702" ind1=" " ind2="1">
    <subfield code="a">Gualteruzzi,</subfield>
    <subfield code="b">Tommaso</subfield>
    <subfield code="3">IT\ICCU\CNCA\018559</subfield>
  </datafield>
  <datafield tag="712" ind1="0" ind2="2">
    <subfield code="a">s.n.</subfield>
    <subfield code="3">IT\ICCU\CNCT\000002</subfield>
    <subfield code="4">650</subfield>
  </datafield>
  <datafield tag="791" ind1="0" ind2="2">
    <subfield code="a">Congregazione Benedettina Olivetana</subfield>
    <subfield code="3">8728</subfield>
    <subfield code="z">Olivetani</subfield>
  </datafield>
  <datafield tag="791" ind1="0" ind2="2">
    <subfield code="a">Congregatio Montis Oliveti</subfield>
    <subfield code="3">15550</subfield>
    <subfield code="z">Olivetani</subfield>
  </datafield>
  <datafield tag="791" ind1="0" ind2="2">
    <subfield code="a">Congregatio Olivetana</subfield>
    <subfield code="3">15551</subfield>
    <subfield code="z">Olivetani</subfield>
  </datafield>
  <datafield tag="790" ind1=" " ind2="1">
    <subfield code="a">Gualterucci,</subfield>
    <subfield code="b">Tommaso</subfield>
    <subfield code="3">IT\ICCU\CNCA\019763</subfield>
    <subfield code="z">Gualteruzzi, Tommaso</subfield>
  </datafield>
  <datafield tag="790" ind1=" " ind2="1">
    <subfield code="a">Gualteruzzi,</subfield>
    <subfield code="b">Tommaso Tommasio</subfield>
    <subfield code="3">IT\ICCU\CNCA\019764</subfield>
    <subfield code="z">Gualteruzzi, Tommaso</subfield>
  </datafield>
  <datafield tag="801" ind1=" " ind2="3">
    <subfield code="a">IT</subfield>
    <subfield code="b">ICCU</subfield>
    <subfield code="c">20201115</subfield>
  </datafield>
  <datafield tag="899" ind1=" " ind2=" ">
    <subfield code="a">Biblioteca d&apos;arte del Museo civico Correr. Venezia</subfield>
    <subfield code="1">VE0039</subfield>
    <subfield code="2">VEA BC</subfield>
  </datafield>
</record>
</collection>
